@book{saturday_is_monday,
  author    = "Стругацкий, А.Н. and Стругацкий, Б.Н.",
  title     = "Понедельник начинается в субботу",
  address   = "М.",
  editor    = "Иванов",
  publisher = "Детская литература",
  year      = 1965,
  language  = "russian"
}
@book{book:fourier,
  title      = {Ряды и интеграл Фурье: Теория поля. Аналитические и специальные функции. Преобразование Лапласа},
  author     = {Кожевников, Н.И. and Краснощекова, Т.И. and Шишкин, Н.Е.},
  lccn       = {66051327},
  series     = {Избранные главы высшей математики для инженеров и студентов втузов. Задачи и упражнения},
  url        = {http://books.google.ru/books?id=xvXuAAAAMAAJ},
  year       = {1964},
  publisher  = {Наука},
  eprint     = {http://books.google.ru/books?id=xvXuAAAAMAAJ},
  eprinttype = {Google Books}
}
@online{wiki:lcd,
  author       = "Wikipedia",
  title        = "Наибольший общий делитель",
  howpublished = "Википедия, свободная энциклопедия",
  year         = 2012,
  url          = {http://goo.gl/1eEF3},
  urldate      = "08.04.2013",
  language     = "russian"
}
@book{book:pierce2002types,
  title={Types and programming languages},
  author={Pierce, Benjamin C},
  year={2002},
  publisher={MIT press}
}
@online{wiki:phpScalarTypeHints,
  author       = "Anthony Ferrara",
  title        = "PHP RFC: Scalar Type Declarations",
  howpublished = "PHP Wiki",
  year         = 2015,
  url          = {https://wiki.php.net/rfc/scalar_type_hints_v5},
  urldate      = "03.04.2017",
  language     = "english"
}
@online{wiki:pythonPep484TypeHints,
  author       = "Mark Shannon",
  title        = "PEP 484 -- Type Hints",
  howpublished = "PEP Index",
  year         = 2014,
  url          = {https://www.python.org/dev/peps/pep-0484/},
  urldate      = "03.04.2017",
  language     = "english"
}

https://www.python.org/dev/peps/pep-0484/